@article{Demsar2016BalancedMixture,
  title   = {{A Balanced Mixture of Antagonistic Pressures Promotes the Evolution of Parallel Movement}},
  year    = {2016},
  journal = {Scientific Reports},
  author  = {Dem{\v{s}}ar, Jure and {\v{S}}trumbelj, Erik and Lebar Bajec, Iztok},
  volume  = {6},
  doi     = {10.1038/srep39428}
}

@article{Demsar2017LinguisticEvolution,
  title   = {{Evolution of Collective Behaviour in an Artificial World Using Linguistic Fuzzy Rule-Based Systems}},
  year    = {2017},
  journal = {PLoS ONE},
  author  = {Dem{\v{s}}ar, Jure and Lebar Bajec, Iztok},
  number  = {1},
  pages   = {1--20},
  volume  = {12},
  doi     = {10.1371/journal.pone.0168876}
}

@inproceedings{caselli2017event,
  title     = {The event storyline corpus: A new benchmark for causal and temporal relation extraction},
  author    = {Caselli, Tommaso and Vossen, Piek},
  booktitle = {Proceedings of the Events and Stories in the News Workshop},
  pages     = {77--86},
  year      = {2017}
}

@article{nahatame2020revisiting,
  title     = {Revisiting second language readersâ€™ memory for narrative texts: the role of causal and semantic text relations},
  author    = {Nahatame, Shingo},
  journal   = {Reading Psychology},
  volume    = {41},
  number    = {8},
  pages     = {753--777},
  year      = {2020},
  publisher = {Taylor \& Francis}
}

@article{trabasso1985causal,
  title     = {Causal thinking and the representation of narrative events},
  author    = {Trabasso, Tom and Van Den Broek, Paul},
  journal   = {Journal of memory and language},
  volume    = {24},
  number    = {5},
  pages     = {612--630},
  year      = {1985},
  publisher = {Elsevier}
}

@inproceedings{mostafazadeh2016corpus,
  title     = {A corpus and cloze evaluation for deeper understanding of commonsense stories},
  author    = {Mostafazadeh, Nasrin and Chambers, Nathanael and He, Xiaodong and Parikh, Devi and Batra, Dhruv and Vanderwende, Lucy and Kohli, Pushmeet and Allen, James},
  booktitle = {Proceedings of the 2016 Conference of the North American Chapter of the Association for Computational Linguistics: Human Language Technologies},
  pages     = {839--849},
  year      = {2016}
}

@inproceedings{dasgupta2018automatic,
  title     = {Automatic extraction of causal relations from text using linguistically informed deep neural networks},
  author    = {Dasgupta, Tirthankar and Saha, Rupsa and Dey, Lipika and Naskar, Abir},
  booktitle = {Proceedings of the 19th Annual SIGdial Meeting on Discourse and Dialogue},
  pages     = {306--316},
  year      = {2018}
}

@incollection{mcnamara2012coh,
  title     = {Coh-Metrix: An automated tool for theoretical and applied natural language processing},
  author    = {McNamara, Danielle S and Graesser, Arthur C},
  booktitle = {Applied natural language processing: Identification, investigation and resolution},
  pages     = {188--205},
  year      = {2012},
  publisher = {IGI Global}
}

@article{zwaan1995dimensions,
  title     = {Dimensions of situation model construction in narrative comprehension.},
  author    = {Zwaan, Rolf A and Magliano, Joseph P and Graesser, Arthur C},
  journal   = {Journal of experimental psychology: Learning, memory, and cognition},
  volume    = {21},
  number    = {2},
  pages     = {386},
  year      = {1995},
  publisher = {American Psychological Association}
}

@article{zwaan1999situation,
  title     = {Situation models: The mental leap into imagined worlds},
  author    = {Zwaan, Rolf A},
  journal   = {Current directions in psychological science},
  volume    = {8},
  number    = {1},
  pages     = {15--18},
  year      = {1999},
  publisher = {SAGE Publications Sage CA: Los Angeles, CA}
}

@inproceedings{wei2020CasRel,
  title     = {A Novel Cascade Binary Tagging Framework for Relational Triple Extraction},
  author    = {Wei, Zhepei and Su, Jianlin and Wang, Yue and Tian, Yuan and Chang, Yi},
  booktitle = {Proceedings of the 58th Annual Meeting of the Association for Computational Linguistics},
  pages     = {1476--1488},
  year      = {2020}
}

@inproceedings{ijcai2021-551,
  title     = {Document-level Relation Extraction as Semantic Segmentation},
  author    = {Zhang, Ningyu and Chen, Xiang and Xie, Xin and Deng, Shumin and Tan, Chuanqi and Chen, Mosha and Huang, Fei and Si, Luo and Chen, Huajun},
  booktitle = {Proceedings of the Thirtieth International Joint Conference on
               Artificial Intelligence, {IJCAI-21}},
  publisher = {International Joint Conferences on Artificial Intelligence Organization},
  editor    = {Zhi-Hua Zhou},
  pages     = {3999--4006},
  year      = {2021},
  month     = {8},
  note      = {Main Track},
  doi       = {10.24963/ijcai.2021/551},
  url       = {https://doi.org/10.24963/ijcai.2021/551}
}

@article{leng2016deep,
  title     = {A deep learning approach for relationship extraction from interaction context in social manufacturing paradigm},
  author    = {Leng, Jiewu and Jiang, Pingyu},
  journal   = {Knowledge-Based Systems},
  volume    = {100},
  pages     = {188--199},
  year      = {2016},
  publisher = {Elsevier}
}

@inproceedings{giles2008large,
  title        = {Large-scale directional relationship extraction and resolution},
  author       = {Giles, Cory B and Wren, Jonathan D},
  booktitle    = {BMC bioinformatics},
  volume       = {9},
  number       = {9},
  pages        = {1--13},
  year         = {2008},
  organization = {BioMed Central}
}

@inproceedings{roberts2008extracting,
  title     = {Extracting clinical relationships from patient narratives},
  author    = {Roberts, Angus and Gaizauskas, Robert and Hepple, Mark},
  booktitle = {Proceedings of the Workshop on Current Trends in Biomedical Natural Language Processing},
  pages     = {10--18},
  year      = {2008}
}

@article{devisree2016hybrid,
  title     = {A hybrid approach to relationship extraction from stories},
  author    = {Devisree, V and Raj, PC Reghu},
  journal   = {Procedia Technology},
  volume    = {24},
  pages     = {1499--1506},
  year      = {2016},
  publisher = {Elsevier}
}

@inproceedings{yao2019DocRED,
  title     = {{DocRED}: A Large-Scale Document-Level Relation Extraction Dataset},
  author    = {Yao, Yuan and Ye, Deming and Li, Peng and Han, Xu and Lin, Yankai and Liu, Zhenghao and Liu, Zhiyuan and Huang, Lixin and Zhou, Jie and Sun, Maosong},
  booktitle = {Proceedings of ACL 2019},
  year      = {2019}
}
